% Encoding: UTF-8
@article{yang2005simulation,
  title={Simulation of the kin behavior in building occupant evacuation based on cellular automaton},
  author={Yang, LZ and Zhao, DL and Li, Jian and Fang, TY},
  journal={Building and Environment},
  volume={40},
  number={3},
  pages={411--415},
  year={2005},
  publisher={Elsevier}
}

@article{zheng2011evacuation,
  title={Evacuation dynamics with fire spreading based on cellular automaton},
  author={Zheng, Ying and Jia, Bin and Li, Xin-Gang and Zhu, Nuo},
  journal={Physica A: Statistical Mechanics and its Applications},
  volume={390},
  number={18-19},
  pages={3147--3156},
  year={2011},
  publisher={Elsevier}
}

@article{lin2008use,
  title={On the use of multi-stage time-varying quickest time approach for optimization of evacuation planning},
  author={Lin, Peter and Lo, Siu Ming and Huang, Hsiu-Chen and Yuen, KK},
  journal={Fire Safety Journal},
  volume={43},
  number={4},
  pages={282--290},
  year={2008},
  publisher={Elsevier}
}

@article{wang2014bim,
  title={BIM based virtual environment for fire emergency evacuation},
  author={Wang, Bin and Li, Haijiang and Rezgui, Yacine and Bradley, Alex and Ong, Hoang N},
  journal={The Scientific World Journal},
  volume={2014},
  year={2014},
  publisher={Hindawi}
}

@article{thalmann2007crowd,
  title={Crowd simulation},
  author={Thalmann, Daniel},
  journal={Wiley Encyclopedia of Computer Science and Engineering},
  year={2007},
  publisher={Wiley Online Library}
}

@inproceedings{pelechano2007controlling,
  title={Controlling individual agents in high-density crowd simulation},
  author={Pelechano, Nuria and Allbeck, Jan M and Badler, Norman I},
  booktitle={Proceedings of the 2007 ACM SIGGRAPH/Eurographics symposium on Computer animation},
  pages={99--108},
  year={2007},
  organization={Eurographics Association}
}

@article{jin2002visibility,
  title={Visibility and human behavior in fire smoke},
  author={Jin, Tadahisa},
  journal={the SFPE Handbook of Fire Protection Engineering, 3rd ed.,(Di Nenno, PJ Ed.)},
  volume={2},
  pages={42--53},
  year={2002}
}

@book{wolf2004lattice,
  title={Lattice-gas cellular automata and lattice Boltzmann models: an introduction},
  author={Wolf-Gladrow, Dieter A},
  year={2004},
  publisher={Springer}
}
@Comment{jabref-meta: databaseType:bibtex;}

@article{pauls1987calculating,
  title={Calculating evacuation times for tall buildings},
  author={Pauls, Jake},
  journal={Fire Safety Journal},
  volume={12},
  number={3},
  pages={213--236},
  year={1987},
  publisher={Elsevier}
}
